[gd_scene load_steps=3 format=2]

[ext_resource path="res://kerno/fenestroj/tipo_d1.gd" type="Script" id=1]
[ext_resource path="res://kerno/fenestroj/tipo_a1.tscn" type="PackedScene" id=2]

[node name="tipo_d1" instance=ExtResource( 2 )]
script = ExtResource( 1 )

[node name="VBox" parent="." index="0"]
margin_right = 300.0
margin_bottom = 300.0
rect_min_size = Vector2( 300, 300 )

[node name="HBox_top" parent="VBox" index="0"]
margin_right = 300.0

[node name="top_texture2" parent="VBox/HBox_top" index="1"]
margin_right = 300.0

[node name="HBox_buttons" parent="VBox/HBox_top/top_texture2" index="0"]
anchor_right = 1.00719

[node name="menuo_name" parent="VBox/HBox_top/top_texture2/HBox_buttons" index="0"]
margin_right = 185.0
text = "tipo_d1"

[node name="Button_fix" parent="VBox/HBox_top/top_texture2/HBox_buttons" index="1"]
margin_left = 189.0
margin_right = 208.0

[node name="Button_" parent="VBox/HBox_top/top_texture2/HBox_buttons" index="2"]
margin_left = 212.0
margin_right = 231.0

[node name="Button_full" parent="VBox/HBox_top/top_texture2/HBox_buttons" index="3"]
margin_left = 235.0
margin_right = 255.0

[node name="Button_x" parent="VBox/HBox_top/top_texture2/HBox_buttons" index="4"]
margin_left = 259.0
margin_right = 278.0

[node name="body_texture" parent="VBox" index="1"]
margin_right = 300.0
margin_bottom = 278.0

[node name="resize_control" parent="VBox/body_texture" index="0"]
anchor_left = -0.00430553
anchor_top = -0.0102563
anchor_right = 0.995694
anchor_bottom = 0.989744

[node name="HSplit" type="HSplitContainer" parent="VBox/body_texture" index="1"]
anchor_right = 1.0
anchor_bottom = 1.0
margin_left = 6.0
margin_top = 6.0
margin_right = -6.0
margin_bottom = -6.0
__meta__ = {
"_edit_use_anchors_": true
}

[node name="HBox_bottom" parent="VBox" index="2"]
margin_top = 278.0
margin_right = 300.0
margin_bottom = 300.0

[node name="bottom_texture1" parent="VBox/HBox_bottom" index="0"]
margin_right = 278.0

[node name="bottom_texture2" parent="VBox/HBox_bottom" index="1"]
margin_left = 278.0
margin_right = 300.0
